<?xml version="1.0" encoding="UTF-8"?><collection xmlns="http://www.loc.gov/MARC21/slim"><record><leader>00399nam--2200133-i-4500</leader><controlfield tag="001">000031952</controlfield><controlfield tag="002">20161230</controlfield><controlfield tag="005">20161230201038</controlfield><controlfield tag="008">060222s1000------------r-----000-0-eng-d</controlfield><datafield ind1=" " ind2=" " tag="100"><subfield code="a">Michal, A.D</subfield></datafield><datafield ind1=" " ind2=" " tag="245"><subfield code="a">Matrix and tensor calculus with applications to mechanics, elasticity and aeronautics</subfield></datafield><datafield ind1=" " ind2=" " tag="260"><subfield code="a">New York, John Wiley, 1947. Xiii + 132p</subfield></datafield><datafield ind1=" " ind2=" " tag="490"><subfield code="a">Galcit Aeronautical Series</subfield></datafield><datafield ind1=" " ind2=" " tag="852"><subfield code="a">1643</subfield></datafield></record></collection>